@misc{equipment,
    note = {Lasers: MOGLabs ECD003 and Toptica DL pro. Laser Controllers: MOGLabs DLC 202 and DLC 252, Servo-controllers: NewFocus LB1005. PS Photodectors: Thorlabs PDA10A. Heterodyne Photodetector: NewFocus 1621. Optical Cavity: Stable Laser Systems. Spectrum Analyser: Rohde \& Schwarz FSP. Certain commercial equipment, instruments, or materials are identified in this paper in order to adequately specify the experimental procedure. Such identification does not imply recommendation or endorsement, nor does it imply that the materials or equipment are necessarily the best available for the purpose.}
}
