@misc{rs_sa,
    title = "{Rohde \& Schwarz FSP}"
}

@misc{nf_det,
    title = "{NewFocus 1621}"
}

@misc{nf_servo,
    title = "{NewFocus LB1005}"
}

@misc{tl_det,
    title = "{ThorLabs PDA10A}"
}

@misc{dl_pro,
    title = "{Toptica DL pro}"
}

@misc{mog_ecd003,
    title = "{MOGLabs Littrow extended cavity diode laser ECD003}"
}

@misc{mogbox,
    title = "{MOGLabs DLC 252 and 202}"
}
